@online{wikipedia_riemann_integral,
  author = {Википедия},
  title = {Интеграл Римана},
  year = {2022},
  url = {https://ru.wikipedia.org/wiki/Интеграл_Римана},
  urldate = {2024-12-01},
}

@online{wikipedia_lebesgue_integral,
  author = {Wikipedia},
  title = {Lebesgue integral},
  year = {2024},
  url = {https://en.wikipedia.org/wiki/Lebesgue_integral},
  urldate = {2024-12-01},
}

@online{wikipedia_lebesgue_stieltjes,
  author = {Wikipedia},
  title = {Lebesgue-Stieltjes integration},
  year = {2023},
  url = {https://en.wikipedia.org/wiki/Lebesgue%E2%80%93Stieltjes_integration},
  urldate = {2024-12-01},
}

@online{mathhelpplanet_lebesgue_integral,
  author = {MathHelpPlanet},
  title = {Интегральное исчисление. Интеграл Лебега},
  year = {2024},
  url = {https://mathhelpplanet.com/static.php?p=integral-lebega},
  urldate = {2024-12-01},
}

@book{fichtenholz,
  author    = {Фихтенгольц, Г. М.},
  title     = {Курс дифференциального и интегрального исчисления в трёх томах},
  year      = {2003},
  publisher = {Наука},
  address   = {Москва},
  edition   = {Изд. 8-е}
}

@book{folland,
  author    = {Folland, Gerald B.},
  title     = {Real Analysis: Modern Techniques and Their Applications},
  year      = {1999},
  publisher = {John Wiley \& Sons},
  edition   = {2nd ed.}
}
